@book{Sheffi,
    author = {Yosef Sheffi},
    year = 1984,
    howpublished = {Hardcover},
    isbn = {0139397299},
    keywords = {books, traffic},
    publisher = {Prentice Hall},
    title = {{Urban Transportation Networks: Equilibrium Analysis With Mathematical Programming Methods}},
    url = {http://web.mit.edu/sheffi/www/urbanTransportation.html}
}

@inbook{Florian1995,
  added-at = {2008-04-22T15:17:45.000+0200},
  author = {Florian, Michael and Hearn, Donald},
  biburl = {http://www.bibsonomy.org/bibtex/2a8965f3ba8fa2bfd52e4f3f622a236eb/smicha},
  chapter = {Chapter 6 Network equilibrium models and algorithms},
  interhash = {fd53f32389e144ea3fd54beaa45994f9},
  intrahash = {a8965f3ba8fa2bfd52e4f3f622a236eb},
  keywords = {imported},
  pages = {485--550},
  publisher = {Elsevier},
  timestamp = {2008-04-22T15:17:45.000+0200},
  title = {Handbooks in Operations Research and Management Science},
  url = {http://www.sciencedirect.com/science/article/B7P6G-4FKY22V-S/1/2d71e5d83c74e838b7b6b583a3c488e9},
  volume = {Volume 8},
  year = 1995
}

@article{journals/networks/KlunderP06,
  added-at = {2007-01-30T00:00:00.000+0100},
  author = {Klunder, G. A. and Post, H. N.},
  biburl = {http://www.bibsonomy.org/bibtex/2cfaf11c926ffce1b4446f8380110747a/dblp},
  date = {2007-01-30},
  description = {dblp},
  ee = {http://dx.doi.org/10.1002/net.20131},
  interhash = {380c5356a4a8ed179655bc2e110f5f39},
  intrahash = {cfaf11c926ffce1b4446f8380110747a},
  journal = {Networks},
  keywords = {dblp},
  number = 4,
  pages = {182-194},
  timestamp = {2007-01-30T00:00:00.000+0100},
  title = {The shortest path problem on large-scale real-road networks.},
  url = {http://dblp.uni-trier.de/db/journals/networks/networks48.html#KlunderP06},
  volume = 48,
  year = 2006
}

@INPROCEEDINGS{Goldberg06reachfor,
    author = {Andrew V. Goldberg and Haim Kaplan and Renato F. Werneck},
    title = {Reach for Aâˆ—: Efficient point-to-point shortest path algorithms},
    booktitle = {IN WORKSHOP ON ALGORITHM ENGINEERING & EXPERIMENTS},
    year = {2006},
    pages = {129--143},
    publisher = {}
}

@article{Inoka:dijkstra2,
    author = {Sniedovich, M.},
    citeulike-article-id = {6901043},
    journal = {Control and cybernetics},
    keywords = {heuristics},
    number = {3},
    pages = {599--620},
    posted-at = {2010-03-24 15:45:05},
    priority = {2},
    title = {{Dijkstra's algorithm revisited: the dynamic programming connexion}},
    volume = {35},
    year = {2006}
}

